@article{trevisanato2000tea,
  title={Tea and health},
  author={Trevisanato, Siro I and Kim, Young In},
  journal={Nutrition reviews},
  volume={58},
  number={1},
  pages={1--10},
  year={2000},
  publisher={Oxford University Press Oxford, UK}
}
@article{mckay2002role,
  title={The role of tea in human health: an update},
  author={McKay, Diane L and Blumberg, Jeffrey B},
  journal={Journal of the American College of Nutrition},
  volume={21},
  number={1},
  pages={1--13},
  year={2002},
  publisher={Taylor \& Francis}
}
@article{yang1993tea,
  title={Tea and cancer},
  author={Yang, Chung S and Wang, Zhi-Yuan},
  journal={JNCI: Journal of the National Cancer Institute},
  volume={85},
  number={13},
  pages={1038--1049},
  year={1993},
  publisher={Oxford University Press}
}